%YAML 1.1
%TAG !u! tag:unity3d.com,2011:
--- !u!1 &100196
GameObject:
  m_ObjectHideFlags: 0
  m_CorrespondingSourceObject: {fileID: 0}
  m_PrefabInternal: {fileID: 100100000}
  serializedVersion: 6
  m_Component:
  - component: {fileID: 411814}
  - component: {fileID: 11403500}
  - component: {fileID: 11471528}
  m_Layer: 0
  m_Name: SunLight
  m_TagString: Untagged
  m_Icon: {fileID: 0}
  m_NavMeshLayer: 0
  m_StaticEditorFlags: 0
  m_IsActive: 1
--- !u!4 &411814
Transform:
  m_ObjectHideFlags: 1
  m_CorrespondingSourceObject: {fileID: 0}
  m_PrefabInternal: {fileID: 100100000}
  m_GameObject: {fileID: 100196}
  m_LocalRotation: {x: 0, y: 0, z: 0, w: 1}
  m_LocalPosition: {x: 0, y: 0, z: 0}
  m_LocalScale: {x: 1, y: 1, z: 1}
  m_Children: []
  m_Father: {fileID: 0}
  m_RootOrder: 0
  m_LocalEulerAnglesHint: {x: 0, y: 0, z: 0}
--- !u!114 &11403500
MonoBehaviour:
  m_ObjectHideFlags: 1
  m_CorrespondingSourceObject: {fileID: 0}
  m_PrefabInternal: {fileID: 100100000}
  m_GameObject: {fileID: 100196}
  m_Enabled: 1
  m_EditorHideFlags: 0
  m_Script: {fileID: 11500000, guid: 5985cf8bc75f54f2787f64207ec3b7f7, type: 3}
  m_Name: 
  m_EditorClassIdentifier: 
  SunLightCalculation:
    sunColorClear: []
    sunColorOC: []
    skyboxLight: {fileID: 0}
    sceneLight: {fileID: 0}
    skyboxLightTransform: {fileID: 0}
    sceneLightTransform: {fileID: 0}
    lensFlare: {fileID: 0}
    lensFlareTransform: {fileID: 0}
    SkyboxMaterial: {fileID: 0}
    sunAltitude: 0
    sunAzimuth: 0
  latitude: 0
  longitude: 0
  offsetUTC: 0
  dayOfYear: 90
  timeInHours: 12
  progressTime: 1
  timeProgressFactor: 1
  leapYear: 0
  useOvercastSkyboxShader: 0
  overcastFactor: 0
  overrideAzimuth: 0
  artisticSunAzimuth: 0
  northDirection: 0
  sceneLightLayerMask:
    serializedVersion: 2
    m_Bits: 4294967295
  skyboxLightLayerMask:
    serializedVersion: 2
    m_Bits: 0
  selectedLocationPreset: 0
  SkyboxMaterial: {fileID: 0}
  SunLightInitialised: 0
  inspectorChanged: 1
--- !u!114 &11471528
MonoBehaviour:
  m_ObjectHideFlags: 1
  m_CorrespondingSourceObject: {fileID: 0}
  m_PrefabInternal: {fileID: 100100000}
  m_GameObject: {fileID: 100196}
  m_Enabled: 1
  m_EditorHideFlags: 0
  m_Script: {fileID: 11500000, guid: 9e16bd1545648490294e9ce7c1b82b53, type: 3}
  m_Name: 
  m_EditorClassIdentifier: 
--- !u!1001 &100100000
Prefab:
  m_ObjectHideFlags: 1
  serializedVersion: 2
  m_Modification:
    m_TransformParent: {fileID: 0}
    m_Modifications:
    - target: {fileID: 0}
      propertyPath: inspectorChanged
      value: 1
      objectReference: {fileID: 0}
    m_RemovedComponents: []
  m_SourcePrefab: {fileID: 0}
  m_RootGameObject: {fileID: 100196}
  m_IsPrefabAsset: 1
