%YAML 1.1
%TAG !u! tag:unity3d.com,2011:
--- !u!1001 &100100000
Prefab:
  m_ObjectHideFlags: 1
  serializedVersion: 2
  m_Modification:
    m_TransformParent: {fileID: 0}
    m_Modifications: []
    m_RemovedComponents: []
  m_ParentPrefab: {fileID: 0}
  m_RootGameObject: {fileID: 1615947905534188}
  m_IsPrefabParent: 1
--- !u!1 &1615947905534188
GameObject:
  m_ObjectHideFlags: 0
  m_PrefabParentObject: {fileID: 0}
  m_PrefabInternal: {fileID: 100100000}
  serializedVersion: 5
  m_Component:
  - component: {fileID: 4306435203403888}
  - component: {fileID: 20188646142425736}
  - component: {fileID: 114408053418186540}
  - component: {fileID: 114878460980637884}
  - component: {fileID: 114369504791590170}
  m_Layer: 0
  m_Name: WebRTC_Camera
  m_TagString: MainCamera
  m_Icon: {fileID: 0}
  m_NavMeshLayer: 0
  m_StaticEditorFlags: 0
  m_IsActive: 1
--- !u!4 &4306435203403888
Transform:
  m_ObjectHideFlags: 1
  m_PrefabParentObject: {fileID: 0}
  m_PrefabInternal: {fileID: 100100000}
  m_GameObject: {fileID: 1615947905534188}
  m_LocalRotation: {x: 0.098492295, y: 0.8917863, z: -0.23487, w: 0.3739687}
  m_LocalPosition: {x: -116.1, y: 21.8, z: 120}
  m_LocalScale: {x: 1, y: 1, z: 1}
  m_Children: []
  m_Father: {fileID: 0}
  m_RootOrder: 0
  m_LocalEulerAnglesHint: {x: 29.510002, y: 134.49901, z: 0}
--- !u!20 &20188646142425736
Camera:
  m_ObjectHideFlags: 1
  m_PrefabParentObject: {fileID: 0}
  m_PrefabInternal: {fileID: 100100000}
  m_GameObject: {fileID: 1615947905534188}
  m_Enabled: 1
  serializedVersion: 2
  m_ClearFlags: 1
  m_BackGroundColor: {r: 0.19215687, g: 0.3019608, b: 0.4745098, a: 0}
  m_NormalizedViewPortRect:
    serializedVersion: 2
    x: 0
    y: 0
    width: 1
    height: 1
  near clip plane: 0.3
  far clip plane: 3000
  field of view: 60
  orthographic: 0
  orthographic size: 5
  m_Depth: 0
  m_CullingMask:
    serializedVersion: 2
    m_Bits: 4294967295
  m_RenderingPath: -1
  m_TargetTexture: {fileID: 0}
  m_TargetDisplay: 0
  m_TargetEye: 3
  m_HDR: 1
  m_AllowMSAA: 0
  m_AllowDynamicResolution: 0
  m_ForceIntoRT: 1
  m_OcclusionCulling: 1
  m_StereoConvergence: 10
  m_StereoSeparation: 0.022
--- !u!114 &114369504791590170
MonoBehaviour:
  m_ObjectHideFlags: 1
  m_PrefabParentObject: {fileID: 0}
  m_PrefabInternal: {fileID: 100100000}
  m_GameObject: {fileID: 1615947905534188}
  m_Enabled: 1
  m_EditorHideFlags: 0
  m_Script: {fileID: 11500000, guid: 442caa924142438428f71025a2fc7005, type: 3}
  m_Name: 
  m_EditorClassIdentifier: 
  debugtext: {fileID: 0}
  debugtext2: {fileID: 0}
  startCamera: {fileID: 0}
  LeftEye: {fileID: 20188646142425736}
  PeerList: {fileID: 11400000, guid: 93c5f7d3249dc504e8e85fd70c04bd16, type: 2}
  UseEditorNativePlugin: 0
--- !u!114 &114408053418186540
MonoBehaviour:
  m_ObjectHideFlags: 1
  m_PrefabParentObject: {fileID: 0}
  m_PrefabInternal: {fileID: 100100000}
  m_GameObject: {fileID: 1615947905534188}
  m_Enabled: 1
  m_EditorHideFlags: 0
  m_Script: {fileID: 11500000, guid: a4e813c1603b5d24abf2187d3c9995c0, type: 3}
  m_Name: 
  m_EditorClassIdentifier: 
  matRT: {fileID: 2100000, guid: d420dd398589a2344b5ba713bd8ef774, type: 2}
--- !u!114 &114878460980637884
MonoBehaviour:
  m_ObjectHideFlags: 1
  m_PrefabParentObject: {fileID: 0}
  m_PrefabInternal: {fileID: 100100000}
  m_GameObject: {fileID: 1615947905534188}
  m_Enabled: 1
  m_EditorHideFlags: 0
  m_Script: {fileID: 11500000, guid: fa41d055337d25942a40caf4419b8c5f, type: 3}
  m_Name: 
  m_EditorClassIdentifier: 
  PeerList: {fileID: 11400000, guid: 93c5f7d3249dc504e8e85fd70c04bd16, type: 2}
